<record><leader>00000cas a2200000 a 4500</leader><controlfield tag="001">24097281</controlfield><controlfield tag="008">910718c19919999ncudr n       0   a0eng c</controlfield><datafield ind1=" " ind2=" " tag="010"><subfield code="a">sn 91068082 </subfield></datafield><datafield ind1=" " ind2=" " tag="040"><subfield code="a">NCS</subfield><subfield code="b">eng</subfield><subfield code="c">NCS</subfield><subfield code="d">NVJ</subfield><subfield code="d">NSD</subfield><subfield code="d">DLC</subfield><subfield code="d">OCLCQ</subfield><subfield code="d">OCLCF</subfield><subfield code="d">OCLCO</subfield></datafield><datafield ind1=" " ind2=" " tag="012"><subfield code="m">1</subfield></datafield><datafield ind1="1" ind2=" " tag="022"><subfield code="a">1060-3255</subfield><subfield code="l">1060-3255</subfield><subfield code="2">1</subfield></datafield><datafield ind1="1" ind2=" " tag="029"><subfield code="a">AU@</subfield><subfield code="b">000020687255</subfield></datafield><datafield ind1=" " ind2=" " tag="032"><subfield code="a">033600</subfield><subfield code="b">USPS</subfield></datafield><datafield ind1=" " ind2=" " tag="037"><subfield code="b">Asheville Citizen-Times Pub. Co., 14 O. Henry Ave., Asheville, N.C. 28802</subfield></datafield><datafield ind1=" " ind2=" " tag="042"><subfield code="a">nsdp</subfield><subfield code="a">pcc</subfield></datafield><datafield ind1=" " ind2=" " tag="043"><subfield code="a">n-us-nc</subfield></datafield><datafield ind1="0" ind2="0" tag="050"><subfield code="a">Newspaper</subfield></datafield><datafield ind1="0" ind2=" " tag="130"><subfield code="a">Asheville citizen-times (Asheville, N.C. : Daily)</subfield></datafield><datafield ind1=" " ind2="0" tag="222"><subfield code="a">Asheville citizen-times</subfield></datafield><datafield ind1="0" ind2="0" tag="245"><subfield code="a">Asheville citizen-times.</subfield></datafield><datafield ind1="1" ind2="0" tag="246"><subfield code="a">Asheville citizen times</subfield></datafield><datafield ind1=" " ind2=" " tag="260"><subfield code="a">Asheville, N.C. :</subfield><subfield code="b">Asheville Citizen-Times Pub. Co.,</subfield><subfield code="c">1991-</subfield></datafield><datafield ind1=" " ind2=" " tag="300"><subfield code="a">v. :</subfield><subfield code="b">ill ;</subfield><subfield code="c">56 cm.</subfield></datafield><datafield ind1=" " ind2=" " tag="310"><subfield code="a">Daily</subfield></datafield><datafield ind1="0" ind2=" " tag="362"><subfield code="a">Vol. 122, no. 182 (July 1, 1991)-</subfield></datafield><datafield ind1=" " ind2=" " tag="500"><subfield code="a">"Voice of the mountains."</subfield></datafield><datafield ind1=" " ind2="0" tag="651"><subfield code="a">Asheville (N.C.)</subfield><subfield code="v">Newspapers.</subfield></datafield><datafield ind1=" " ind2="7" tag="655"><subfield code="a">Newspapers.</subfield><subfield code="2">fast</subfield><subfield code="0">(OCoLC)fst01423814</subfield></datafield><datafield ind1=" " ind2="7" tag="651"><subfield code="a">North Carolina</subfield><subfield code="z">Asheville.</subfield><subfield code="2">fast</subfield><subfield code="0">(OCoLC)fst01205440</subfield></datafield><datafield ind1=" " ind2=" " tag="752"><subfield code="a">United States</subfield><subfield code="b">North Carolina</subfield><subfield code="c">Buncombe</subfield><subfield code="d">Asheville.</subfield></datafield><datafield ind1="0" ind2="4" tag="780"><subfield code="t">Asheville citizen (Asheville, N.C. : 1900)</subfield><subfield code="w">(DLC)sn 91068077</subfield></datafield><datafield ind1="0" ind2="4" tag="780"><subfield code="t">Asheville times</subfield><subfield code="w">(DLC)sn 84020686</subfield></datafield><datafield ind1=" " ind2=" " tag="936"><subfield code="a">Vol. 131, no. 213 (July 31, 2000) LIC</subfield></datafield></record>